<collection xmlns="http://www.loc.gov/MARC21/slim">
<record>
  <leader>01048nam0a2200229 i 450 </leader>
  <controlfield tag="001">IT\ICCU\CNCE\015308</controlfield>
  <controlfield tag="005">20070309000000.0</controlfield>
  <datafield tag="012" ind1=" " ind2=" ">
    <subfield code="a">,&amp;i- a-ar e-N. a-er (C) 1569 (Q)</subfield>
    <subfield code="2">fei</subfield>
  </datafield>
  <datafield tag="100" ind1=" " ind2=" ">
    <subfield code="a">19970101f1569        0itac0103    ba</subfield>
  </datafield>
  <datafield tag="101" ind1=" " ind2=" ">
    <subfield code="a">ITA</subfield>
  </datafield>
  <datafield tag="102" ind1=" " ind2=" ">
    <subfield code="a">IT</subfield>
  </datafield>
  <datafield tag="200" ind1="1" ind2=" ">
    <subfield code="a">Coronatione del serenissimo signore Cosimo Medici gran duca di Toscana, fatta dalla s. di n.s. Pio V in Roma, sotto di V di Marzo MDLXIX. Con il viaggio et regia entrata di S.A. in Roma</subfield>
  </datafield>
  <datafield tag="210" ind1=" " ind2=" ">
    <subfield code="a">In Fiorenza</subfield>
    <subfield code="c">appresso Bartholomeo Sermartelli</subfield>
    <subfield code="d">\1569!</subfield>
  </datafield>
  <datafield tag="215" ind1=" " ind2=" ">
    <subfield code="a">\8! c.</subfield>
    <subfield code="d">4ʻ</subfield>
  </datafield>
  <datafield tag="620" ind1=" " ind2=" ">
    <subfield code="a">IT</subfield>
    <subfield code="d">Firenze</subfield>
  </datafield>
  <datafield tag="712" ind1="0" ind2="0">
    <subfield code="a">Sermartelli, Bartolomeo</subfield>
    <subfield code="c"> &lt;1.&gt;</subfield>
    <subfield code="3">IT\ICCU\CNCT\000160</subfield>
    <subfield code="4">650</subfield>
  </datafield>
  <datafield tag="791" ind1="0" ind2="2">
    <subfield code="a">Bartolomeo S. M.</subfield>
    <subfield code="3">IT\ICCU\CNCT\004089</subfield>
    <subfield code="z">Sermartelli, Bartolomeo &lt;1.&gt;</subfield>
  </datafield>
  <datafield tag="791" ind1="0" ind2="0">
    <subfield code="a">Sermartellius, Bartholomaeus</subfield>
    <subfield code="c"> &lt;1.&gt;</subfield>
    <subfield code="3">IT\ICCU\CNCT\005648</subfield>
    <subfield code="z">Sermartelli, Bartolomeo &lt;1.&gt;</subfield>
  </datafield>
  <datafield tag="801" ind1=" " ind2="3">
    <subfield code="a">IT</subfield>
    <subfield code="b">ICCU</subfield>
    <subfield code="c">20201114</subfield>
  </datafield>
  <datafield tag="899" ind1=" " ind2=" ">
    <subfield code="a">Biblioteca Apostolica Vaticana. Citt ̉del Vaticano</subfield>
    <subfield code="1">EX0001</subfield>
    <subfield code="2">ZCV 01</subfield>
  </datafield>
  <datafield tag="899" ind1=" " ind2=" ">
    <subfield code="a">Biblioteca Moreniana. Firenze</subfield>
    <subfield code="1">FI0099</subfield>
    <subfield code="2">RT1 BP</subfield>
  </datafield>
  <datafield tag="899" ind1=" " ind2=" ">
    <subfield code="a">British Library. London</subfield>
    <subfield code="1">UK0001</subfield>
  </datafield>
</record>
</collection>
